2864 4940
576 447 624 528 tt

79 649 617 734 trochaicum'tatramc'trum
657 644 742 722 eine
776 643 872 722 ulla
896 642 1125 728 tantorum

80 750 380 859 interpositione
418 749 462 824 in
488 747 636 828 fabulis
671 745 909 828 adhibuisse.
959 752 1010 828 Et
1047 777 1127 832 noe
1195 773 1196 776 ’

83 851 236 938 credere
263 853 468 944 volumus,
495 849 724 954 Euripidem
746 857 912 927 metium
937 878 1123 930 revocas·-

48 987 53 996 ·
83 989 148 1055 se,
192 957 295 1058 quod
314 980 386 1059 per
410 969 688 1046 antecessores,
721 953 959 1054 Aeschylum
980 973 1019 1034 et
1044 960 1129 1032 Soa

83 1060 285 1168 phoclem,
330 1055 598 1159 repudiatum,
646 1079 717 1157 per
746 1057 906 1164 longum
937 1060 1146 1162 temporis.

11 1213 12 1218 =
84 1164 254 1268 epatium
274 1159 530 1235 inveteratum
555 1173 592 1234 et
610 1159 758 1261 populo
784 1157 1034 1257 Atheniensi,
1056 1163 1128 1262 qui

85 1266 162 1342 hos
180 1262 312 1338 ambos
333 1261 396 1363 pie
422 1261 593 1355 colebat,
617 1259 776 1334 minime
801 1278 1021 1364 acceptum,
1048 1265 1132 1338 obi-

84 1365 228 1444 livioni
256 1387 376 1467 paene
403 1363 590 1437 traditum
621 1357 778 1437 fueret?
829 1364 999 1441 Multum
1038 1391 1155 1442 sune¹

86 1469 237 1562 abfuit,
277 1481 324 1540 ut
344 1464 386 1540 id
406 1464 670 1559 revocaverit,
712 1480 757 1540 ut
777 1466 917 1568 potius
940 1468 1017 1546 hoc
1042 1493 1133 1542 me-

86 1588 214 1663 trum,
260 1592 333 1642 sno
374 1583 557 1669 tempore¹
585 1567 628 1645 in
666 1569 863 1668 tragoedia
902 1569 1133 1646 inusitatum

88 1669 283 1777 rejecerit,
304 1695 352 1744 ne
371 1670 514 1773 populi
528 1681 687 1754 assensu
714 1671 892 1772 eugratiu
919 1673 1130 1748 excideret.

153 1783 156 1789 '
193 1775 306 1848 Tunc
334 1771 503 1847 secundo
525 1771 614 1847 loco
635 1772 829 1868 Marenen
863 1773 907 1862 in
938 1775 1135 1874 auxilioue

24 1957 28 1964 ,
88 1889 205 1953 vocat
230 1867 490 1973 Hesychium,
533 1873 602 1972 qui
625 1871 700 1948 suh
729 1873 831 1948 'voce
856 1873 1035 1955 decederet
1059 1903 1135 1952 nos

68 1980 224 2072 docet,
274 2002 316 2052 se
346 1975 466 2052 verba
494 1971 632 2072 Κέμνθον
656 1975 836 2054 erardum
866 1977 1063 2054 invenisse
1090 1977 1135 2053 in

91 2079 228 2157 Medea
249 2077 463 2180 Euripidis.
514 2076 576 2152 Ex
597 2073 659 2152 his
683 2078 840 2172 verbis,
868 2105 964 2180 quoe
989 2079 1031 2154 in
1056 2106 1136 2154 ne·

91 2198 170 2258 stra
197 2179 331 2254 sabula
358 2180 730 2284 nonrepcriuntur,
759 2179 1018 2282 suspicionem
1039 2183 1144 2260 con-².

92 2301 155 2359 tra
177 2309 259 2359 eam
284 2281 511 2357 movendam
536 2309 638 2378 esse,
666 2281 711 2358 ei·
728 2283 946 2359 Muecneao
969 2284 1144 2386 largire-⁸

92 2413 198 2482 mur,
219 2383 370 2488 injuste.
392 2409 606 2487 egeremus.
659 2385 756 2460 Nam
781 2385 885 2460 omni
912 2386 986 2460 fide
1010 2387 1144 2460 Scho-·
1170 2409 1182 2427 ²
1264 2439 1267 2446 f

91 2489 252 2582 liestie,
301 2486 608 2588 Lexicogrephis
654 2485 924 2588 'omnibusque'
961 2503 1140 2563 veterum

93 2607 313 2692 temporum
348 2587 608 2692 scriptoribus
639 2585 806 2685 habitu,
848 2589 925 2692 qui¹
955 2589 995 2663 in
1037 2591 1141 2672 scri-s
1262 2645 1265 2651 .

94 2693 227 2770 hendo
253 2692 406 2794 saepius
432 2693 484 2764 ob
515 2691 913 2794 magnemlibrorum·
935 2691 1149 2788 conserens

98 2795 239 2870 dorum
264 2796 464 2896 penuriam
490 2794 696 2868 memoriae
730 2794 862 2872 fallaci
893 2795 1007 2868 nimis
1043 2823 1143 2870 con·-

96 2899 163 2973 fisi
188 2911 299 2991 sunt,
351 2897 405 2970 ita
431 2909 479 2971 ut
506 2921 629 2991 nunc,
677 2899 742 2970 via
768 2898 816 2970 ed
845 2895 969 2974 libros
996 2913 1150 2972 consu-³

94 3000 236 3077 leodos
260 2998 474 3102 patefacta,
522 2999 626 3101 apud
654 2999 846 3102 plurimos
874 3023 1023 3074 errores
1054 3011 1148 3074 unte

97 3103 235 3178 oculos
257 3102 408 3202 positos
430 3116 468 3176 et
493 3101 700 3177 memoriae
723 3126 860 3204 perum
893 3102 990 3176 fidae
1017 3125 1143 3202 neque

96 3201 273 3280 omnium
295 3203 442 3279 tenacis
465 3202 643 3279 fallacias
658 3221 809 3308 apertas
833 3203 1054 3299 videamus,
1079 3219 1147 3277 te-

96 3303 340 3400 menunice
364 3313 425 3380 'ex
451 3305 651 3382 his'effici
678 3321 792 3409 poste
828 3309 1006 3400 videtur,
1056 3307 1148 3382 Me«-
1253 3299 1261 3350 Ὗ

97 3411 211 3485 deam
232 3427 400 3483 nostram
429 3433 500 3510 per
523 3411 711 3513 temporis
740 3409 944 3484 decursum
963 3423 1149 3483 mutatam

102 3527 141 3586 et
162 3512 247 3587 sive
271 3505 328 3583 ab¹
343 3525 500 3587 auctore
518 3512 635 3613 ipso,
671 3512 756 3586 sive
781 3511 829 3584 ab
856 3513 932 3584 alio
958 3523 1159 3584 retraeta-·‘
1271 3533 1274 3538 '
1345 3569 1349 3586 ,

101 3629 180 3688 tam
202 3639 298 3688 esse.
323 3614 541 3714 Scriptores
569 3628 744 3688 veterum
766 3629 982 3716 temporum
996 3626 1150 3686 utram·-

102 3741 179 3816 que
225 3717 267 3789 in
289 3715 469 3788 menibus
504 3715 647 3790 hebere
701 3715 876 3791 colebant
921 3714 1149 3807 editioncn13

100 3817 255 3921 pluries
288 3817 403 3892 nobis
431 3841 586 3917 quoque
622 3843 691 3892 seu
719 3819 829 3920 prior
855 3843 923 3894 seu
956 3817 1159 3922 posterior

99 3935 260 3996 servata
286 3934 366 4013 est,
391 3918 659 4022 cxdeperdita
679 3935 805 3996 tamen
826 3919 931 3996 haud
952 3944 1041 3994 raro
1063 3917 1152 3991 ein·-

100 4023 199 4126 gula
231 4019 281 4100 ad
313 4046 386 4096 noe
425 4021 667 4098 devenerunt
703 4021 943 4126 fragmenta·
959 4021 1002 4126 8)
1050 4021 1149 4116 Imo,

147 4238 185 4328 8)
206 4235 359 4320 Boron.
380 4236 440 4308 Gr.
461 4247 549 4332 teng.
570 4235 678 4334 princ·
700 4261 735 4332 p.
756 4245 810 4312 20.
906 4253 914 4268 '
