2864 4940
105 1065 240 1176 'Cum
265 1112 306 1175 et
329 1097 431 1174 inter
451 1094 691 1196 antiquiores
711 1101 749 1196 ¹)
787 1119 865 1170 non
890 1096 985 1172 setis
1012 1099 1162 1174 consti·

127 1203 235 1294 terit,
262 1201 413 1277 cuinam
439 1197 590 1290 lebule,
612 1223 710 1298 queo
734 1199 889 1273 nomine
915 1199 1070 1274 Medeae
1097 1203 1164 1276 in-

128 1305 271 1404 signite
298 1302 483 1404 Euripidi
501 1302 630 1403 ‘vulgo
659 1299 915 1396 adscribitur,
955 1317 1056 1377 recte
1084 1305 1163 1380 tri-

124 1407 196 1482 bui
225 1407 373 1509 possit,
416 1419 454 1477 et
484 1427 505 1477 u
536 1403 816 1478 recentioribus
842 1402 890 1508 ²),
924 1405 1077 1509 seepius
1117 1407 1163 1480 dc

124 1508 264 1583 heere
291 1508 531 1607 disputatum
558 1503 631 1598 sit,
675 1504 779 1578 heud
811 1501 1013 1607 indignum
1048 1525 1165 1610 pute·-

123 1611 257 1686 vimus
286 1632 422 1710 opere,
459 1631 556 1706 quee
582 1608 629 1680 de
656 1633 698 1682 ee
724 1609 1051 1708 ‹lisputetasunt‚
1092 1610 1180 1692 hoc¹

120 1712 168 1786 ·iu
196 1711 382 1812 opusculo
405 1708 622 1810 complecti,
649 1725 686 1783 et
713 1725 886 1784 nostrum
902 1715 1167 1812 qualecunque

125 1812 314 1915 judicium
337 1811 383 1884 de
407 1811 469 1886 his
496 1811 535 1882 l
578 1838 609 1885 e.
662 1813 775 1886 Heud
799 1813 1019 1912 ignorantes
1047 1815 1150 1889 enim

125 1914 273 2020 judicio
300 1907 348 1987 de
377 1937 471 1986 vero
502 1835 641 2014 sffiipti
669 1913 856 2012 cujusque
883 1931 1036 1990 auctore
1069 1918 1166 1989 bene

126 2017 300 2091 stabilito
328 2041 511 2116 magnum
545 2017 771 2089 retundere
791 2016 961 2090 fructum
992 2013 1033 2091 in
1067 2044 1166 2120 opus

11 2113 14 2120 ’
126 2119 278 2221 ipsunt,
320 2143 494 2192 necnon
521 2118 714 2218 persuasi,
758 2144 828 2192 nos
855 2120 1051 2193 intelire
1080 2136 1167 2194 tre·-

126 2221 263 2296 ctende
296 2233 341 2304 ,et
372 2218 509 2292 utilem
544 2219 825 2317 etjucundum
858 2223 1074 2324 suscepisse
1097 2223 1167 2304 le-

123 2317 570 2422 boren1‚lreuc0perem
592 2310 748 2396 Medeae
768 2348 906 2396 nevere
931 2323 1167 2423 cupivimus,
1278 2335 1280 2340 '

9 2495 14 2506 ,
96 2511 98 2519 Ι
154 2425 271 2530 uippe
294 2422 391 2522 quee
422 2423 649 2500 noneolum
679 2425 803 2525 prima
836 2424 1168 2529 interlEuripidis

125 2452 277 2601 lebules
305 2525 501 2618 habenda,
536 2526 617 2598 sed
644 2526 757 2599 etiem
783 2524 885 2598 inter
909 2528 984 2600 elie
1007 2529 1166 2628 optime,
1212 2585 1215 2593 .

126 2653 225 2727 quae
250 2627 407 2700 oetatem
433 2627 626 2722 tulerunt,
655 2625 900 2702 monuments
930 2643 1168 2730 nequequam

127 2727 340 2834 spernenda
368 2728 458 2803 sit.'
978 2757 979 2768 ¹
1005 2802 1007 2808 ,
1205 2755 1209 2762 ·

231 2829 488 2904 Veruntamen
521 2827 565 2902 in
599 2828 670 2903 teli
702 2844 931 2932 argumento
968 2833 1167 2909 tractando

128 2927 326 3034 duplicem
345 2930 459 3006 -viem
489 2931 753 3032 ingrediemur
780 2959 934 3008 necesse
960 2949 1030 3008 est.
1073 2935 1169 3010 Nem

128 3036 299 3139 primum
327 3033 369 3108 in
392 3049 616 3136 argumente
641 3049 802 3109 externe
827 3035 943 3110 nobis
964 3033 1169 3136 inquiren·
1267 3022 1287 3064 '⁸

129 3138 223 3210 dum
260 3149 376 3235 etque
415 3133 628 3210 videndum
671 3152 750 3229 est,
802 3163 895 3212 uum
926 3161 976 3210 ex
1005 3137 1170 3212 historie

130 3237 281 3341 operis,
330 3237 609 3311 etestimoniis
632 3238 799 3312 aliorum
829 3238 876 3312 de
903 3264 970 3331 eo,
1024 3240 1170 3314 elocis
1228 3281 1231 3286 ·
1312 3298 1316 3311 ,

27 3353 34 3378 ’
127 3356 306 3417 veterum
331 3339 506 3414 collectis
533 3339 792 3442 efficipossit,
820 3365 919 3444 opus
939 3355 1007 3414 eut
1027 3343 1170 3442 genui·-

128 3468 224 3518 uum
245 3429 352 3536 esse',
385 3457 452 3517 eut
472 3440 670 3542 spurium3
710 3441 772 3517 his
797 3442 950 3516 demum
979 3443 1169 3546 expositis
1244 3483 1252 3512 s

130 3559 170 3620 et
194 3543 378 3650 firmetis,
413 3568 509 3646 quoe
533 3541 685 3618 interne
708 3543 970 3639 nominemus,
996 3571 1170 3646 quaeque
1278 3557 1283 3570 '

176 3747 210 3832 1)
230 3745 401 3814 Droornrs
423 3745 559 3820 Lauare
581 3745 653 3812 vita
675 3729 806 3814 Mened.
827 3743 870 3812 ll.
894 3751 965 3812 134.

175 3833 211 3925 2)
232 3832 372 3898 Seuere
394 3831 542 3898 Perseus
562 3830 745 3901 Miscellnn.
774 3831 833 3896 Vl.
862 3856 889 3898 c.
914 3843 962 3910 15,
996 3869 1040 3884 --
1072 3829 1173 3896 Bnn-

219 3941 296 3984 nrs:
317 3917 390 3984 vite
411 3917 528 4004 Eurip.
549 3939 588 3984 ca
614 3967 621 3981 .
645 3923 693 3982 18.
728 3955 772 3968 --
808 3917 996 3983 Musouave
1017 3915 1059 3982 sd
1081 3939 1172 3982 vers.
1211 3923 1218 3932 ‘

219 4011 313 4070 1383.
341 4041 384 4054 -
415 4003 553 4090 Benene
608 4023 726 4068 rueoue
747 4016 829 4088 trag.
852 4002 958 4092 princ.
980 4025 1050 4110 cap.
1073 3997 1172 4068 xlll.
1199 4079 1204 4089 ,

96 4129 104 4136 -
218 4126 263 4160 -,
282 4084 509 4156 Hieromus
530 4087 710 4158 Mutunus:
733 4086 871 4170 Medea,
893 4086 968 4152 eins
999 4085 1173 4180 'lrogddis

222 4193 284 4242 eus
305 4171 384 4242 dem
403 4170 646 4271 Grieohisohen
666 4174 848 4242 iiberaetzt.
873 4169 946 4240 ert.
969 4181 1060 4240 1811.
1172 4225 1176 4231 .
1238 4223 1240 4232 ,
