2864 4940
541 397 739 510 A·

121 618 192 670 sua
205 647 216 687 ‚
253 591 412 668 comico
429 587 586 698 quidem
610 598 725 698 potita
749 588 854 693 apud
876 579 1168 688 Graecos'dig·
1270 605 1286 616 ’“

122 697 300 788 nissima,
323 693 562 772 Anacreonte
584 693 898 799 indignissimum
923 705 995 766 est.
1026 687 1185 770 -Poeta‘

122 798 269 873 habitis
295 812 467 892 tamen,¹
496 821 594 899 quae
621 797 676 872 ab·
695 795 770 882 hoc
790 795 879 872 loco
909 791 1032 868 aliena
1058 795 1168 884 sunt,

122 899 218 976 haec
248 897 319 973 oda
344 925 432 1020 cum
456 899 724 995 antecedente,
768 897 807 974 ei
829 895 1042 988 simillima,
1064 919 1168 970 con·-
1224 945 1233 962 .›

125 1001 229 1076 cidat
254 1027 408 1093 necesse
435 1017 514 1096 est,
552 1003 697 1105 qnippe
724 1019 841 1104 qnam
864 995 915 1074 ob
940 996 1086 1090 verba,
1122 993 1168 1100 in
1345 981 1364 1062 ’.

126 1129 171 1178 ea
194 1103 454 1199 occurrentia,
477 1104 654 1180 damnare
676 1103 896 1180 debeamus.
996 1190 999 1200 ,

188 1237 192 1262 ν
228 1209 308 1281 Od.·
346 1207 409 1281 31.
469 1207 514 1282 In
543 1201 813 1290 imitationem
857 1201 952 1276 odae
997 1197 1168 1288 decimae

123 1306 260 1384 tertiae
283 1306 494 1406 incidimus
522 1299 565 1384 in
593 1310 763 1410 carmine
788 1302 989 1406 trigesimo
1023 1301 1169 1408 primo.

54 1497 57 1504 1
122 1408 294 1484 Eandem
316 1409 535 1486 materiam:
562 1417 691 1496 „vino
714 1405 954 1504 inebriatum
973 1407 1169 1505 sefacere
1272 1414 1286 1451 '-

121 1513 267 1590 velle“
310 1517 427 1614 poeta
465 1511 609 1613 majore
646 1511 781 1614 labore
824 1519 1027 1600 retractat3
1066 1511 1166 1582 'nant
1199 1586 1201 1592 ,

122 1627 268 1714 quanto
289 1613 487 1712 molimine
506 1631 608 1718 opus
629 1629 732 1709 erat,
752 1627 799 1690 ut
820 1630 1006 1715 quattuor
1028 1634 1167 1682 exem·
1216 1687 1224 1706 Ι

122 1717 188 1818 pla
209 1713 408 1792 hominnm
429 1716 706 1792 insanientium
728 1742 778 1790 ex
803 1709 1046 1813 mythologie
1065 1736 1167 1786 con·-

123 1831 293 1920 gereret,
314 1818 573 1920 versibusque
599 1817 773 1992 operosis
794 1799 1033 1892 innecteret?

228 1922 305 1992 Od.
331 1920 395 1993 49.
433 1922 546 1997 -Gum
576 1921 618 1995 in
645 1919 804 2022 agendis
829 1915 1166 1992 imitationis-ve·-

12 2043 15 2055 ·
121 2019 252 2121 st-igiis
278 2045 434 2121 operam
454 2022 603 2116 demus,
627 2015 1032 2116 fragmentum'istud,
1058 2015 1166 2118 quod

118 2121 266 2224 legitur
285 2121 333 2205 in
349 2123 422 2196 oda
439 2123 531 2200 tea
563 2179 573 2200 .
600 2113 728 2198 Fisclt.
753 2123 1060 2225 praetermittere
1084 2143 1166 2211 nou
1222 2117 1224 2129 ¹

38 2318 40 2329 A
119 2225 234 2315 licet,
277 2223 420 2328 quippe
446 2152 559 2328 quod
578 2224 746 2302 imitatio
766 2223 865 2300 male
893 2223 992 2316 selirr
1017 2221 1165 2325 carmi-7

121 2325 376 2418 ιιὶεῖὃεὶῒ.Ι
491 2365 493 2372 ·
619 2395 622 2398 ,

218 2427 477 2503 Veruntamen
518 2425 590 2504 hac
627 2425 752 2507 inre
782 2425 1014 2502 omittendae
1051 2437 1162 2521 erant

121 2529 236 2621 odae,
273 2530 436 2628 quaein
464 2529 630 2632 singulis
655 2528 788 2604 verbis
813 2521 1072 2632 versibusque
1098 2529 1163 2604 si·-

121 2631 380 2706 militudinem
405 2633 595 2732 quandam
620 2630 779 2708 habent.
814 2630 868 2705 ¹In
888 2626 996 2706 hunc
1019 2657 1163 2706 nume·-

120 2757 207 2808 rnnr
237 2731 361 2808 resero
394 2734 487 2810 odas
514 2728 601 2826 det
626 2733 672 2840 6ἶ
701 2733 818 2832 'quae
849 2733 898 2808 ab
929 2729 1046 2826 initio
1080 2729 1168 2811 sihi

68 2857 70 2863 ’
119 2861 197 2910 non
224 2834 430 2926 dissimiles
454 2837 650 2942 sunt313)
674 2859 793 2939 porro
817 2833 910 2910 odas
930 2829 1081 2928 25‚26,
1106 2835 1161 2908 27
1234 2830 1237 2835 ’
1290 2830 1292 2834 ’

117 2953 155 3022 et
176 2937 240 3012 39.
280 2935 386 3029 Quae
413 2953 539 3018 tamen
566 2965 698 3024 omnes
725 2950 763 3012 et
788 2935 840 3010 ob
864 2961 1001 3012 sensus
1023 2933 1176 3012 tenui--
1211 2991 1215 2998 -

115 3054 233 3118 tatem
262 3056 300 3113 et
333 3038 384 3112 oh
409 3042 524 3116 metri
552 3040 783 3144 pravitatem
815 3038 1061 3114 Anacreonte
1087 3038 1160 3114 in·-

70 3139 369 3244 ',dignissimae
396 3166 480 3217 esse
502 3142 700 3219 videntur.
737 3227 738 3230 Ἴ
1155 3145 1159 3157 ’

208 3277 263 3378 ll.
296 3281 363 3353 ,In
396 3281 592 3356 nonnullis
633 3281 783 3356 astartis
814 3271 942 3358 verbu
976 3281 1159 3382 suspicio-

114 3411 209 3458 nem
240 3387 284 3455 in
315 3385 615 3458 Anacreontam
644 3390 835 3460 excitant.
910 3379 994 3473 Qua
1033 3379 1077 3454 in
1112 3405 1158 3456 re

113 3484 228 3558 valde
256 3481 370 3560 nohis
402 3483 451 3558 ab
484 3483 629 3586 injuria
662 3501 862 3560 caveamus
893 3479 1050 3568 necesse
1074 3497 1157 3559 est.
1265 3511 1269 3532 ·

113 3585 210 3660 Nam
234 3583 331 3658 bene
357 3611 567 3680 memores,
617 3601 862 3690 argumenta,
908 3609 960 3658 ex
987 3583 1157 3685 singulis

113 3687 244 3762 verbis
266 3683 551 3789 phrasibusque
576 3689 716 3790 petita,
746 3685 829 3765 suis
855 3685 1155 3762 difficultatibus
1178 3688 1184 3696 '

110 3785 307 3880 laborare,
336 3805 513 3865 nostrum
533 3790 721 3894 judicium
747 3789 794 3866 de
820 3789 954 3894 paucis
978 3803 1155 3866 tantum·-

108 3891 225 3965 modo
253 3891 341 3964 odis
363 3891 552 3986 feremus,
578 3893 641 3982 ,in
663 3893 808 3994 quibus
830 3890 994 4001 vestigia
1021 3887 1164 3988 serio-1„¹
1247 3973 1248 3978 ,
1346 3891 1349 3898 “

106 3991 164 4070 ris
185 3993 372 4098 temporis
393 3993 579 4072 facillime
606 4009 840 4102 comparent.

150 4185 205 4268 ¹³.)
226 4177 326 4252 cont.
347 4179 405 4256 od.
427 4177 472 4254 V.
491 4184 511 4256 a
534 4219 577 4240 ·-
598 4185 618 4254 5
640 4195 675 4254 et
695 4179 828 4257 od.·V1-.
850 4192 873 4252 a
888 4217 932 4238 -·
951 4187 983 4288 ⁸?-
1065 4171 1069 4184 '
