2864 4940
128 1113 393 1220 Anacreontis
416 1141 627 1232 carminum
657 1137 848 1240 reliq-uiae
876 1137 968 1214 iude
991 1137 1039 1213 ab
1059 1139 1170 1215 Heu·—
1211 1140 1265 1244 Γ,

128 1251 202 1325 rici
218 1245 404 1350 Ste'p11ani
420 1243 663 1346 temporibus
676 1243 733 1315 ad
758 1249 935 1316 nostrum
956 1264 1080 1342 usque
1103 1267 1172 1316 ae-

126 1377 221 1426 vum
235 1366 295 1423 tot
311 1349 479 1422 editores
502 1361 539 1418 et
561 1347 793 1446 interpretes
814 1341 1053 1438 habuerunt,
1078 1361 1173 1444 quot

101 1449 321 1527 'rixoalius
346 1456 521 1524 reteruin
544 1448 777 1548 scriptorum
801 1447 1000 1546 repererit.
1054 1447 1174 1548 Cujus
1214 1475 1217 1532 j
1297 1509 1299 1516 .

124 1550 296 1656 insignis
320 1575 408 1652 erga
430 1549 570 1626 Teium
592 1564 719 1622 votem
740 1547 889 1629 favoris
912 1573 1066 1624 caussas
1089 1549 1195 1632 ‚cir-t
1235 1591 1243 1602 ·

127 1652 399 1756 cumspicienti
414 1651 510 1724 mihi
526 1675 604 1726 non
619 1664 696 1723 tam
710 1651 992 1752 polimatiorum
1007 1651 1117 1752 lepos
1133 1647 1179 1727 et

127 1757 322 1848 suavitas,
351 1779 465 1854 quam
482 1777 618 1854 sensus
631 1753 869 1854 simplicitas
890 1767 929 1826 et
950 1753 1176 1854 perspicui·-
1303 1833 1306 1846 ι

103 1887 107 1908 ν’
127 1875 203 1952 tas,
231 1854 894 1959 atqueodariorumambitusquatu
909 1855 1075 1928 maxime
1094 1855 1175 1928 cir-
1222 1861 1225 1866 '
1267 1931 1274 1942 ,

104 2000 106 2011 ·
125 1961 323 2035 'cunicisus
338 1960 446 2032 viros
471 1955 679 2058 etjuvenes
696 1955 837 2031 doctos
853 1957 1042 2032 allexisse'
1057 1955 1175 2032 tride-
1286 1974 1289 1980 ’

124 2078 219 2137 tur:
263 2063 326 2134 Me
350 2058 506 2160 quidem
531 2081 609 2132 non
630 2053 837 2158 praeterit,
881 2067 1041 2158 quaein
1065 2059 1176 2144 Aua·-
1260 2151 1265 2156 Ι
1316 2082 1319 2088 ¹

58 2226 60 2238 .
129 2163 300 2238 creontis
326 2167 490 2254 carmina
511 2159 593 2257 jam*
608 2159 825 2258 antiquitus
855 2159 1072 2235 cumulatae
1095 2161 1178 2235 sint

126 2259 281 2356 laudes,
322 2285 385 2336 eae
407 2263 449 2336 in
473 2261 660 2363 plurimae
682 2274 901 2336 nostrarum
922 2261 1177 2338 odarumvix
1270 2337 1279 2346 ,
1313 2331 1324 2343 ,

130 2369 264 2444 cadere
288 2391 422 2466 posse3
450 2355 793 2458 teruennenses
816 2389 886 2466 ego
910 2366 1061 2440 nonita
1084 2389 1178 2440 sus-

128 2498 204 2570 que
218 2470 342 2568 deque
358 2466 498 2557 lrabeo,
525 2481 570 2540 ut
586 2481 676 2567 post
690 2467 868 2559 uulnera,
896 2469 1178 2564 lyricisssrae·
1237 2509 1244 2534 a
1265 2513 1267 2516 ·
1423 2541 1427 2554 ,

119 2591 266 2646 ‘corum
281 2569 408 2671 poetis
423 2567 585 2660 inflicta,
603 2567 669 2641 has
687 2594 842 2668 quoque
857 2569 1043 2670 reliquias
1057 2567 1178 2672 pror·
1378 2563 1380 2576 ¹

59 2709 87 2748 .·
129 2674 404 2778 'ausleeglectas
421 2695 525 2761 csse,
553 2670 773 2770 studiisque
789 2671 965 2747 virorum
980 2673 1178 2775 ingenuo-
1221 2736 1222 2739 ,

132 2793 220 2849 rum
236 2773 414 2875 indignas
429 2769 567 2845 haberi
584 2771 716 2846 velim.
779 2785 781 2792 ’

236 2875 341 2968 Quae
357 2875 554 2976 reputanti
572 2872 669 2948 mihi
686 2897 748 2948 res
767 2874 853 2949 visa
879 2891 937 2951 est
960 2873 1065 2962 llancl
1080 2900 1179 2950 con·-
1258 2881 1262 2890 '

125 2979 351 3070 temnenda,
375 3001 496 3074 meam
513 2993 666 3076 quoque
690 2977 916 3077 quantillum
933 3003 1088 3082 operam
1109 3002 1180 3079 per
1216 2969 1219 2984 '

130 3083 256 3155 otium
278 3079 340 3152 his
363 3074 566 3180 poematiis
582 3081 713 3152 denuo
735 3080 983 3182 impendere·
1028 3081 1112 3175 (lua
1136 3080 1180 3152 in

129 3207 173 3258 re
197 3181 272 3256 hoc
293 3181 391 3254 mihi
411 3181 657 3282 propositum
681 3197 780 3276 erat,
807 3199 853 3268 ut
875 3185 1013 3277 (lubia,
1037 3208 1058 3255 a
1080 3176 1179 3254 viris
1283 3251 1286 3258 .

131 3283 262 3356 doctis
276 3283 321 3356 de
338 3282 568 3382 antiquitate
586 3282 799 3364 carminum
813 3287 1068 3360 Anacreontis
1084 3297 1198 3385 pus-'
1309 3294 1322 3304 ”

129 3386 206 3460 sim
229 3387 402 3488 prolata,
440 3385 481 3465 in
509 3397 669 3462 examen
696 3399 876 3475 vocarem
887 3387 904 3479 ‚⁶
933 3403 971 3462 et
992 3400 1181 3487 quantum

129 3487 215 3576 sine
236 3487 393 3578 levitate
413 3485 500 3561 fieri
522 3497 654 3590 posset
664 3544 681 3586 ,Ι
707 3514 836 3564 senem
857 3489 1000 3563 Teium
1024 3490 1079 3564 eis
1105 3513 1182 3590 pa·
1229 3529 1231 3540 ·

81 3617 85 3624 ·
129 3605 502 3666 rentemeervarem.
558 3590 652 3664 Cum
679 3615 772 3662 vero
797 3591 958 3668 infitiari
985 3619 1060 3666 uon
1084 3617 1182 3692 pos·
1244 3663 1248 3669 .

107 3717 234 3786 .eem‚
265 3692 386 3766 multa
401 3691 443 3786 in
467 3692 522 3774 eis
539 3716 622 3792 esse
647 3691 804 3792 spuria,
830 3710 944 3794 atque
966 3695 1181 3768 senioribus

132 3794 375 3896 temporibus
398 3809 436 3868 et
457 3793 705 3870 homunculis
732 3793 1024 3870 obscurissimis
1053 3795 1182 3894 origi-

132 3922 220 3970 nem
242 3897 404 3992 debere,
429 3896 470 3970 in
491 3895 659 3970 rationes
683 3907 837 3996 quoqne
861 3900 1060 4000 inquirere
1084 3897 1183 3972 mihi
1243 3989 1249 3996 ν

131 3993 270 4076 'visum'
286 4015 365 4092 est,
397 3997 541 4099 quibus
564 3997 658 4073 haec
677 4001 912 4076 Anacreonti
938 3999 1089 4076 detrahi
1107 4009 1184 4094 vei·

130 4099 216 4176 lim.
246 4101 442 4176 ,Habeant
469 4100 605 4193 modo,
644 4101 723 4176 nisi
754 4127 869 4202 quam
902 4102 1017 4180 aliam
1027 4161 1038 4199 ,
1083 4103 1203 4183 hanc·

133 4215 266 4290 tamen¹
288 4215 494 4309 sequentes
510 4203 683 4310 vpa‘gillae
700 4202 855 4280 laudem
866 4261 882 4302 ‚.
927 4231 1184 4310 quaecuuque
