2864 4940
778 432 836 508 Μ’
894 447 908 469 ·’

286 615 337 700 -Ᾰ-
355 636 413 714 ite
430 635 644 736 interrogat
664 653 716 694 ·-··
744 629 808 707 his
828 631 871 708 in
894 616 1092 732 ang'umiis'
1111 633 1226 712 nohis¹
1252 661 1325 712 ca·

206 755 210 762 '
283 737 495 850 pensandae
520 729 656 811 erant?
708 733 810 810 Num
833 748 878 809 nt
903 733 1091 811 Thessali·
1110 739 1323 840 eorumque

183 861 188 876 ¹
283 843 403 934 socii,
445 841 500 915 ita
523 847 602 914 'n'os
635 835 859 940 Philippum
891 834 937 910 in
970 837 1144 914 consiliis
1166 841 1250 917 suis
1272 842 1322 916 de

164 935 183 970 ⁵
284 940 534 1048 opprimenda
577 937 737 1014 Graecia
783 942 983 1039 adjuvare
1029 941 1323 1018 voluissemus?

82 1050 92 1064 “
187 1103 191 1113 f
245 1052 247 1061 '
283 1050 385 1124 Num‘
408 1060 453 1119 nt
474 1041 639 1118 Arcades
661 1040 818 1140 aliique,
840 1039 896 1114 ita
921 1067 992 1114 nos
1014 1041 1120 1118 domi
1145 1045 1325 1122 sedentes

284 1145 646 1250 nquesocordiam
668 1143 781 1218 nohis
813 1142 1011 1217 commodo
1042 1141 1215 1220 loturam
1247 1173 1328 1221 au-

282 1264 495 1339 tumantes,
526 1245 708 1348 Philippo
737 1243 897 1320 hostilia
924 1244 967 1319 in
1002 1245 1199 1344 Graeciam
1231 1275 1327 1324 mo-

282 1353 402 1430 liente
419 1347 547 1425 ‘otium
582 1377 704 1451 agore
731 1341 1020 1450 potuissemus?
1071 1349 1327 1451 Subsequen-
1420 1403 1421 1410 κ

216 1508 222 1525 ,
284 1456 339 1530 tia
371 1453 527 1527 eandem
568 1449 650 1550 ¹lere
691 1448 917 1526 sententiam
957 1450 1206 1571 pxprimnnt,
1253 1455 1325 1527 sed

282 1557 353 1632 hae
371 1552 603 1658 repetitione
623 1553 683 1627 rei
703 1553 924 1626 tractandae
946 1551 1128 1652 majorem
1146 1553 1228 1629 vim
1248 1555 1330 1628 ad-·

284 1656 623 1733 didissaviderar.
673 1653 834 1739 Nemee
862 1655 1057 1728 convertit
1082 1655 1130 1730 ab
1155 1655 1329 1732 Aeschi-

200 1818 203 1825 .
286 1785 332 1836 na
377 1758 426 1832 ad
472 1749 649 1859 quem-vir
687 1758 815 1830 olium
855 1755 981 1828 civem
1031 1755 1323 1852 Atheniensem,
1419 1753 1421 1820 l

283 1861 520 1964 eundemque
565 1858 660 1934 sibi¹
690 1855 1009 1951 infestissimum,
1064 1859 1215 1954 dicens:
1272 1861 1326 1936 Et
1420 1885 1421 1898 ¹

283 1991 387 2038 nunc
416 1987 569 2063 quoqne
598 1984 910 2060 unumquemque
939 1985 1070 2034 rernm
1104 1987 1126 2034 a
1156 1987 1218 2036 me
1247 1989 1326 2066 ge·-

284 2081 430 2140 starum
468 2061 785 2166 reprehensorem
820 2060 1111 2137 acerbissimum
1150 2063 1326 2167 rogave·-

162 2188 168 2196 ·
283 2166 378 2259 rim,
410 2192 504 2241 num
534 2163 810 2238 Thessalorum
834 2165 1076 2265 aliorumque
1098 2182 1228 2268 partes
1254 2191 1325 2242 oa·-

283 2267 492 2372 pespendae
529 2264 699 2359 fuerint,
743 2290 792 2339 an
831 2291 913 2341 eam
952 2268 1093 2368 agendi
1131 2268 1325 2346 rationem

283 2369 395 2471 sequi
416 2367 650 2472 oportuerit,
678 2391 794 2470 quam
812 2368 938 2444 secuti
962 2367 1123 2445 snmus?
1156 2411 1209 2432 -
1234 2373 1324 2446 Ha-

281 2472 537 2574 bent.¹igitur
572 2471 704 2572 priora
742 2471 861 2548 verha
888 2496 1058 2546 ··sensnm
1099 2473 1320 2575 specialem,
1419 2491 1420 2496 ’

284 2575 349 2671 (ad
373 2573 604 2652 Aeschinem
631 2562 863 2674 respiciunt)
893 2574 1082 2648 ulteriora
1106 2600 1201 2651 vero
1228 2603 1321 2650 sen-

281 2701 368 2753 sum
401 2677 641 2778 generalem,
688 2673 1195 2780 (populumhtheniensem
1223 2678 1322 2754 nni·-

280 2803 438 2854 versnm
464 2779 751 2880 alloquuntur.)
837 2829 841 2850 2

351 2947 355 2956 ,
381 2881 518 2956 Plures
544 2879 701 2980 quidem
726 2880 805 2955 loci
835 2880 878 2956 in
902 2878 1110 2957 discrimen
1133 2897 1322 2987 aguntum

210 3065 213 3075 Ι
280 2981 512 3078 sedtim'eo,
559 2982 707 3058 ueloci
731 3007 754 3056 a
776 2983 947 3081 Tayloro
973 2997 1013 3058 et
1037 2983 1194 3082 Scylero
1222 3010 1324 3088 pro·-

277 3083 349 3188 lati
361 3084 412 3160 in
430 3085 583 3160 landem
606 3085 773 3159 oratoris
799 3087 971 3162 omnium
990 3099 1211 3188 temporum*
1230 3087 1323 3162 elo-

278 3187 526 3287 quentissimi
553 3188 656 3261 verti
676 3187 840 3290 possint.

379 3289 760 3390 NamSeilerus10)
794 3287 1036 3390 suspicetur,
1068 3289 1220 3386 locum,
1248 3291 1323 3392 qui

275 3385 421 3491 legitur
439 3391 482 3466 in
508 3419 573 3498 pg.
587 3390 755 3486 291-1‘111..
776 3389 956 3494 (§.148.)
978 3392 1123 3467 exalia
1147 3392 1321 3468 editione

181 3585 184 3592 Ι
274 3508 430 3570 nostrae
466 3493 635 3574 orationi
668 3495 864 3592 insertam
899 3521 1004 3588 esse,
1059 3495 1207 3596 qnippe
1248 3495 1322 3594 qui

262 3618 437 3699 prorsus
462 3595 616 3700 jejunus
640 3611 678 3671 et
708 3597 929 3698 superfluus
957 3597 1021 3670 sit.
1072 3599 1107 3670 A
1129 3597 1216 3671 viro
1241 3597 1320 3671 do·-
1416 3623 1417 3648 ¹

253 3707 339 3773 'cto
359 3693 431 3777 hac
454 3699 497 3774 in
523 3725 565 3774 re
588 3698 790 3792 dissentio,
818 3725 904 3774 nam
924 3697 1054 3774 omnia
1074 3699 1193 3774 verba
1216 3698 1319 3774 hene

273 3796 498 3894 cohaerere,
537 3801 631 3902 quin
653 3795 867 3876 necessaria
894 3827 975 3875 esse
1002 3802 1129 3875 credo.
1167 3801 1319 3901 Respi-

151 3979 155 3986 ,
210 3906 213 3914 '
272 3900 560 4006 cias,qnaeso,
587 3904 749 4002 sipgula.
778 3905 872 3978 Cum
893 3901 1168 3980 Demosthenes
1189 3901 1318 3977 Athe-

271 4001 462 4080 niensium
484 4005 779 4107 trepidationem
801 4021 890 4110 post
905 4005 1089 4104 'nuntium
1115 4006 1162 4082 de
1181 4005 1316 4082 Elatea

272 4103 495 4211 aPhilippo
524 4122 632 4210 capta
655 4107 920 4226 pulcherrime
948 4106 1211 4221 depinxistet,
1246 4133 1317 4184 se-

314 4241 369 4322 ¹0)
391 4241 430 4309 ln
453 4243 611 4337 tersione
633 4240 836 4312 Germanica
867 4267 922 4334 pfl.
946 4253 1017 4336 .¹⁵¹··
1124 4311 1126 4314 ,
1150 4241 1152 4248 ’
